@inproceedings{wu2015square,
  title={A Square Root Inverse Filter for Efficient Vision-aided Inertial Navigation on Mobile Devices.},
  author={Wu, Kejian and Ahmed, Ahmed M and Georgiou, Georgios A and Roumeliotis, Stergios I},
  booktitle={Robotics: Science and Systems},
  volume={2},
  year={2015},
  organization={Rome, Italy}
}
@inproceedings{zhang2016degeneracy,
  title={On degeneracy of optimization-based state estimation problems},
  author={Zhang, Ji and Kaess, Michael and Singh, Sanjiv},
  booktitle={2016 IEEE International Conference on Robotics and Automation (ICRA)},
  pages={809--816},
  year={2016},
  organization={IEEE}
}
@inproceedings{shan2020lio,
  title={Lio-sam: Tightly-coupled lidar inertial odometry via smoothing and mapping},
  author={Shan, Tixiao and Englot, Brendan and Meyers, Drew and Wang, Wei and Ratti, Carlo and Rus, Daniela},
  booktitle={2020 IEEE/RSJ international conference on intelligent robots and systems (IROS)},
  pages={5135--5142},
  year={2020},
  organization={IEEE}
}
@inproceedings{pouliot2009linescout,
  title={LineScout Technology: From inspection to robotic maintenance on live transmission power lines},
  author={Pouliot, Nicolas and Montambault, Serge},
  booktitle={2009 IEEE International Conference on Robotics and Automation},
  pages={1034--1040},
  year={2009},
  organization={IEEE}
}

@inproceedings{zelazo2012rigidity,
  title={Rigidity maintenance control for multi-robot systems},
  author={Zelazo, Daniel and Franchi, Antonio and Allg{\"o}wer, Frank and B{\"u}lthoff, Heinrich H and Giordano, P Robuffo},
  booktitle={Robotics: science and systems},
  pages={473--480},
  year={2012}
}